@book{janeway2001immunobiology,
  title = {Immunobiology (9th Edition)},
  author = {Janeway, C. A. and Travers, P. and Walport, M. and Shlomchik, M. J.},
  year = {2001},
  publisher = {Garland Science},
  note = {innate vs adaptive immunity}
}

@book{smoking2014,
  title     = {The Health Consequences of Smokingâ€”50 Years of Progress: A Report of the Surgeon General},
  publisher = {Centers for Disease Control and Prevention},
  year      = {2014},
  address   = {Atlanta, GA},
  note      = {Figure 10.5: Diagram of innate and adaptive immunity.},
}